@article{Chang12,
author = {Chang, Chao-Min and Wang, Shao-Yu and Chen, Rongshun and Yeh, J Andrew and Hou, Max T},
title = {A comb-drive actuator driven by capacitively-coupled-power},
journaltitle = {Sensors},
year = "2012",
volume = {12},
issue = {8},
doi = {10.3390/s120810881},
}

@article{Bhushan97,
Author = {Bhushan, B and Li, XD},
Title = {{Micromechanical and tribological characterization of doped
   single-crystal silicon and polysilicon films for microelectromechanical
   systems devices}},
Journal = {{JOURNAL OF MATERIALS RESEARCH}},
Year = {{1997}},
Volume = {{12}},
Number = {{1}},
Pages = {{54-63}},
Month = {{JAN}},
DOI = {{10.1557/JMR.1997.0010}},
ISSN = {{0884-2914}},
ResearcherID-Numbers = {{Li, Xiaodong/B-6530-2008
Bhushan, Bharat/A-9684-2013}},
Times-Cited = {{105}},
Unique-ID = {{ISI:A1997WC27100010}},
}